<?xml version="1.0" encoding="UTF-8"?><collection xmlns="http://www.loc.gov/MARC21/slim"><record><leader>00695nam--2200205-i-4500</leader><controlfield tag="001">000032661</controlfield><controlfield tag="002">20161230</controlfield><controlfield tag="005">20161230201039</controlfield><controlfield tag="008">060222s1000------------r-----000-0-eng-d</controlfield><datafield ind1=" " ind2=" " tag="020"><subfield code="a">0306404613</subfield></datafield><datafield ind1=" " ind2=" " tag="040"><subfield code="a">IFIN-HH</subfield></datafield><datafield ind1=" " ind2=" " tag="080"><subfield code="a">537.6:621.318:533.9(061.3)</subfield></datafield><datafield ind1="1" ind2=" " tag="100"><subfield code="a">Turchi, Peter J</subfield></datafield><datafield ind1="1" ind2="0" tag="245"><subfield code="a">Megagauss physics and technology</subfield><subfield code="b">Proceedings of the second international congerence on megagauss magnetic field generation and related topics, held in washington, dc, may 30-june 1, 1979</subfield><subfield code="c">Peter j. turchi (ed.)</subfield></datafield><datafield ind1=" " ind2=" " tag="260"><subfield code="a">New York</subfield><subfield code="b">Plenum Press</subfield><subfield code="c">1980</subfield></datafield><datafield ind1=" " ind2=" " tag="300"><subfield code="a">XIV+683P</subfield></datafield><datafield ind1=" " ind2=" " tag="490"><subfield code="a">Proceedings</subfield></datafield><datafield ind1=" " ind2=" " tag="650"><subfield code="a">Magnetics</subfield></datafield><datafield ind1=" " ind2=" " tag="852"><subfield code="a">49209</subfield><subfield code="c">537:538</subfield></datafield><datafield ind1=" " ind2=" " tag="CAT"><subfield code="a">Sys</subfield><subfield code="c">20110624</subfield><subfield code="h">131609</subfield></datafield></record></collection>